@inproceedings{Jiang:2010:AAL:1831708.1831726,
 author = {Jiang, Zhen Ming},
 title = {Automated analysis of load testing results},
 booktitle = {Proceedings of the 19th international symposium on Software testing and analysis},
 series = {ISSTA '10},
 year = {2010},
 isbn = {978-1-60558-823-0},
 location = {Trento, Italy},
 pages = {143--146},
 numpages = {4},
 url = {http://doi.acm.org/10.1145/1831708.1831726},
 doi = {10.1145/1831708.1831726},
 acmid = {1831726},
 publisher = {ACM},
 address = {New York, NY, USA},
 keywords = {dynamic analysis, load testing, software mining},
} 


@inproceedings{chen2007keeping,
  title={Keeping Kernel Performance from Regressions},
  author={Chen, Tim and Ananiev, Leonid I and Tikhonov, Alexander V},
  booktitle={Linux Symposium},
  volume={1},
  pages={93--102},
  year={2007}
}